@article{Reisinger2007AcquiringRepresentations,
    title = {{Acquiring Evolvability through Adaptive Representations}},
    year = {2007},
    journal = {GECCO’07 Proceedings},
    author = {Reisinger, Joseph and Miikkulainen, Risto},
    keywords = {Control Methods, Global Optimization, I28 [Artificial Intelligence], Problem Solving, adaptive repre-sentations, and Search General Terms experimentation, coevolution, design, evolvability, indirect encodings, modularity, neural networks, performance Keywords genetic algorithms}
}

@article{Ed1994NEURALALGORITHM,
    title = {{NEURAL NETWORK SYNTHESIS USING CELLULAR ENCODING AND THE GENETIC ALGORITHM}},
    year = {1994},
    author = {Ed, Fr and Gruau, Eric and Meyer, Jean-Arcady and Jacques, M and Examinators, Demongeot and Michel, : M and Jacques, Cosnard M and Pierre, Mazoyer M and Whitley, Peretto M Darell}
}

@book{Rothlauf2006RepresentationsAlgorithms,
    title = {{Representations for Genetic and Evolutionary Algorithms}},
    year = {2006},
    author = {Rothlauf, Franz},
    publisher = {Springer Berlin Heidelberg},
    url = {http://link.springer.com/10.1007/3-540-32444-5},
    address = {Berlin, Heidelberg},
    isbn = {978-3-540-25059-3},
    doi = {10.1007/3-540-32444-5}
}

@book{Mitchell1996AnAlgorithms,
    title = {{An introduction to genetic algorithms}},
    year = {1996},
    author = {Mitchell, Melanie (Computer scientist)},
    pages = {205},
    publisher = {MIT Press},
    isbn = {9780262133166}
}

@book{SterlingPrinciplesDesign,
    title = {{Principles of neural design}},
    author = {Sterling, Peter and Laughlin, Simon},
    pages = {542},
    isbn = {9780262028707}
}

@book{Downing2015IntelligenceSystems,
    title = {{Intelligence emerging : adaptivity and search in evolving neural systems}},
    year = {2015},
    author = {Downing, Keith L.},
    pages = {475},
    publisher = {MIT Press},
    address = {Palatino},
    isbn = {9780262029131}
}

@article{Koza1996ANetworks,
    title = {{A Comparison between Cellular Encoding and Direct Encoding for Genetic Neural Networks}},
    year = {1996},
    journal = {Genetic Programming},
    author = {Koza, John R and Goldberg, David E and Fogel, David B and Riolo, Rick L and Gruau, Frederic and Whitley, Darrell},
    keywords = {keyword}
}

@article{MiikkulainenEvolvingNeuroevolution,
    title = {{Evolving Neural Networks Sequential Decision Tasks Why Neuroevolution?}},
    author = {Miikkulainen, Risto}
}

@article{DambrosioAGeometry,
    title = {{A Novel Generative Encoding for Exploiting Neural Network Sensor and Output Geometry}},
    author = {D 'ambrosio, David B and Stanley, Kenneth O},
    keywords = {Algorithms Keywords, Categories and Subject Descriptors, Compositional Pattern Producing Networks, Experimentation, HyperNEAT, I26 [Artificial Intelligence], Learning–Connectionism and neural nets, NEAT, con-cept learning General Terms, large-scale artificial neural networks}
}

@article{StanleyTheTopologies,
    title = {{The MIT Press Journals Evolving Neural Networks through Augmenting Topologies}},
    author = {Stanley, Kenneth O and Miikkulainen, Risto},
    url = {http://mitpress.mit.edu/journals http://mitpress.mit.edu/e-mail},
    keywords = {Genetic algorithms, competing conventions, network topologies, neural networks, neuroevolution, speciation}
}

@article{StanleyTheEmbryogeny,
    title = {{The MIT Press Journals A Taxonomy for Artificial Embryogeny}},
    author = {Stanley, Kenneth O and Miikkulainen, Risto},
    url = {http://mitpress.mit.edu/journals http://mitpress.mit.edu/e-mail},
    keywords = {Artificial embryogeny, develop-ment, embryology, evo-lution, generative encoding, genetic algorithms, indirect en-coding, morphogenesis, neuroevolution, ontogeny}
}

@article{Gauci2008ALearning,
    title = {{A Case Study on the Critical Role of Geometric Regularity in Machine Learning}},
    year = {2008},
    journal = {Artificial Intelligence},
    author = {Gauci, Jason and Stanley, Kenneth O}
}

@article{Dambrosio2008GenerativeGECCO-2008,
    title = {{Generative Encoding for Multiagent Learning Winner of the Best Paper Award in the Generative and Developmental Systems track at GECCO-2008}},
    year = {2008},
    author = {D 'ambrosio, David B and Stanley, Kenneth O},
    number = {8},
    publisher = {ACM},
    keywords = {Algorithms Keywords, CPPNs, Categories and Subject Descriptors, HyperNEAT, I211 [Artificial Intelligence], I26 [Artificial Intelligence], Learning—connectionism and neural nets, Multiagent systems, NEAT, Neural Networks, concept learning}
}

@article{Gauci2008ALearningb,
    title = {{A Case Study on the Critical Role of Geometric Regularity in Machine Learning}},
    year = {2008},
    journal = {Artificial Intelligence},
    author = {Gauci, Jason and Stanley, Kenneth O}
}

@article{Inden2012EvolvingSpaces,
    title = {{Evolving neural fields for problems with large input and output spaces}},
    year = {2012},
    journal = {Neural Networks},
    author = {Inden, Benjamin and Jin, Yaochu and Haschke, Robert and Ritter, Helge},
    isbn = {0893-6080},
    doi = {10.1016/j.neunet.2012.01.001},
    issn = {08936080},
    pmid = {22391232},
    keywords = {Artificial life, Indirect encoding, NEAT, Neuroevolution}
}

@inproceedings{Shorten2014HowSearch,
    title = {{How evolvable is novelty search?}},
    year = {2014},
    booktitle = {IEEE SSCI 2014 - 2014 IEEE Symposium Series on Computational Intelligence - IEEE ICES: 2014 IEEE International Conference on Evolvable Systems, Proceedings},
    author = {Shorten, David and Nitschke, Geoff},
    isbn = {9781479944804},
    doi = {10.1109/ICES.2014.7008731}
}

@inproceedings{Clune2008HowDecreases,
    title = {{How a generative encoding fares as problem-regularity decreases}},
    year = {2008},
    booktitle = {Lecture Notes in Computer Science (including subseries Lecture Notes in Artificial Intelligence and Lecture Notes in Bioinformatics)},
    author = {Clune, Jeff and Ofria, Charles and Pennock, Robert T.},
    isbn = {3540876995},
    doi = {10.1007/978-3-540-87700-4{\_}36},
    issn = {03029743},
    keywords = {ANN, Evolution, HyperNEAT, Modularity, NEAT, Regularity}
}

@inproceedings{Drchal2008Tree-basedNetworks,
    title = {{Tree-based indirect encodings for evolutionary development of neural networks}},
    year = {2008},
    booktitle = {Lecture Notes in Computer Science (including subseries Lecture Notes in Artificial Intelligence and Lecture Notes in Bioinformatics)},
    author = {Drchal, Jan and {\v{S}}norek, Miroslav},
    isbn = {3540875581},
    doi = {10.1007/978-3-540-87559-8{\_}87},
    issn = {03029743}
}

@inproceedings{Kamioka2009NeuroevolutionRepresentation,
    title = {{Neuroevolution based on reusable and hierarchical modular representation}},
    year = {2009},
    booktitle = {Lecture Notes in Computer Science (including subseries Lecture Notes in Artificial Intelligence and Lecture Notes in Bioinformatics)},
    author = {Kamioka, Takumi and Uchibe, Eiji and Doya, Kenji},
    isbn = {3642024890},
    doi = {10.1007/978-3-642-02490-0{\_}3},
    issn = {03029743}
}

@article{Tarapore2015EvolvabilityBenchmarks,
    title = {{Evolvability signatures of generative encodings: Beyond standard performance benchmarks}},
    year = {2015},
    journal = {Information Sciences},
    author = {Tarapore, Danesh and Mouret, Jean Baptiste},
    isbn = {0020-0255},
    doi = {10.1016/j.ins.2015.03.046},
    issn = {00200255},
    arxivId = {arXiv:1410.4985v1},
    keywords = {Artificial evolution, Central pattern generators, Developmental encodings, Evolvability, Generative encodings, Legged robots}
}

@inproceedings{Drchal2008Tree-basedNetworksb,
    title = {{Tree-based indirect encodings for evolutionary development of neural networks}},
    year = {2008},
    booktitle = {Lecture Notes in Computer Science (including subseries Lecture Notes in Artificial Intelligence and Lecture Notes in Bioinformatics)},
    author = {Drchal, Jan and {\v{S}}norek, Miroslav},
    isbn = {3540875581},
    doi = {10.1007/978-3-540-87559-8{\_}87},
    issn = {03029743}
}

@article{Ahmadizar2015ArtificialAlgorithm,
    title = {{Artificial neural network development by means of a novel combination of grammatical evolution and genetic algorithm}},
    year = {2015},
    journal = {Engineering Applications of Artificial Intelligence},
    author = {Ahmadizar, Fardin and Soltanian, Khabat and Akhlaghiantab, Fardin and Tsoulos, Ioannis},
    doi = {10.1016/j.engappai.2014.11.003},
    issn = {09521976},
    keywords = {Adaptive penalty approach, Classification problems, Genetic algorithm, Grammatical evolution, Neural networks}
}

@article{Durr2010GeneticControllers,
    title = {{Genetic representation and evolvability of modular neural controllers}},
    year = {2010},
    journal = {IEEE Computational Intelligence Magazine},
    author = {D{\"{u}}rr, Peter and Floreano, Dario and Claudio, Mattiussi},
    isbn = {1556-603X},
    doi = {10.1109/MCI.2010.937319},
    issn = {1556603X}
}

@article{StanleyGenerativeTutorial,
    title = {{Generative and Developmental Systems Tutorial}},
    author = {Stanley, Kenneth O and Stanley, K O and Miikkulainen, R},
    url = {http://eplex.cs.ucf.edu http://dx.doi.org/10.1145/2739482.2756568},
    doi = {10.1145/2739482.2756568}
}

@article{MiikkulainenEvolvingStrategies,
    title = {{Evolving Neural Networks Why Neuroevolution? I Neural nets powerful in many statistical domains Forming Decision Strategies}},
    author = {Miikkulainen, Risto},
    url = {http://dx.doi.org/10.1145/2739482.2756577},
    doi = {10.1145/2739482.2756577},
    keywords = {g control, pattern recognition, prediction}
}

@article{AuthorTitle,
    title = {{Title}},
    author = {{Author}}
}

@article{Bhattacharyya2009RobustNetworks,
    title = {{Robust Regulatory Networks}},
    year = {2009},
    author = {Bhattacharyya, Arnab and Haeupler, Bernhard},
    arxivId = {arXiv:0904.4360v1},
    keywords = {()}
}

@article{Durr2010GeneticControllersb,
    title = {{Genetic representation and evolvability of modular neural controllers}},
    year = {2010},
    journal = {IEEE Computational Intelligence Magazine},
    author = {D{\"{u}}rr, Peter and Floreano, Dario and Claudio, Mattiussi},
    isbn = {1556-603X},
    doi = {10.1109/MCI.2010.937319},
    issn = {1556603X}
}

@article{Mouret2009MENNAG:Grammars,
    title = {{MENNAG: A modular, regular and hierarchical encoding for neural-networks based on attribute grammars}},
    year = {2009},
    journal = {Evolutionary Intelligence},
    author = {Mouret, Jean Baptiste and Doncieux, Stéphane},
    doi = {10.1007/s12065-008-0015-7},
    issn = {18645909},
    keywords = {Attribute grammars, Evolutionary algorithms, Evolutionary robotics, Modular neural-networks}
}

@article{ShortenTheNetworks,
    title = {{The Relationship Between Evolvability and Robustness in the Evolution of Boolean Networks}},
    author = {Shorten, David and Nitschke, Geoff}
}

@inproceedings{Richter2015EvolvabilitySurvey,
    title = {{Evolvability of representations in complex system engineering: A survey}},
    year = {2015},
    booktitle = {2015 IEEE Congress on Evolutionary Computation, CEC 2015 - Proceedings},
    author = {Richter, Andreas and Botsch, Mario and Menzel, Stefan},
    isbn = {9781479974924},
    doi = {10.1109/CEC.2015.7257042}
}

@article{Taras2014GrowingNetworks,
    title = {{Growing adaptive machines combining development and learning in artificial neural networks}},
    year = {2014},
    journal = {Studies in Computational Intelligence},
    author = {Taras, Kowaliw and Nicolas, Bredeche and Doursat, Ren??},
    isbn = {9783642553363},
    doi = {10.1007/978-3-642-55337-0},
    issn = {1860949X}
}

@article{Haddow2011ExploringNetworks,
    title = {{Exploring Learning in Evolutionary Artificial Neural Networks}},
    year = {2011},
    author = {Haddow, Pauline and Fr{\o}yen, Even Bruvik}
}

@article{Izquierdo1987ArtificialConference,
    title = {{Artificial Life XI: Proceedings of the Eleventh International Conference}},
    year = {1987},
    author = {Izquierdo, Eduardo J and Fernando, Chrisantha T}
}

@article{Clune2010EVOLVINGBIOLOGY,
    title = {{EVOLVING ARTIFICIAL NEURAL NETWORKS WITH GENERATIVE ENCODINGS INSPIRED BY DEVELOPMENTAL BIOLOGY}},
    year = {2010},
    author = {Clune, Jeff}
}

@article{Clune2011OnRegularity,
    title = {{On the performance of indirect encoding across the continuum of regularity}},
    year = {2011},
    journal = {IEEE Transactions on Evolutionary Computation},
    author = {Clune, Jeff and Stanley, Kenneth O. and Pennock, Robert T. and Ofria, Charles},
    keywords = {Artificial neural networks, HyperNEAT, developmental encodings, generative encodings, indirect encodings, regularity}
}

@article{Reisinger2006SelectingRepresentations,
    title = {{Selecting for Evolvable Representations}},
    year = {2006},
    journal = {GECCO’06 Proceedings},
    author = {Reisinger, Joseph and Miikkulainen, Risto},
    keywords = {Control Methods, Global Optimization, I28 [Artificial Intelligence], Problem Solving, and Search General Terms experimentation, development, estimation-of-distribution, evolvability, indirect encodings, measurement, modularity, performance Keywords genetic algorithms, representations}
}

@article{Reisinger2005TowardsEvolvability,
    title = {{Towards an Empirical Measure of Evolvability}},
    year = {2005},
    journal = {GECCO’05 Proceedings},
    author = {Reisinger, Joseph and Stanley, Kenneth O and Miikkulainen, Risto},
    keywords = {Control Methods, Global Optimization, I28 [Artificial Intelligence], Problem Solving, and Search General Terms experimentation, development, evolvability, genetic regulatory networks, indirect en-codings, measurement, performance Keywords genetic algorithms, representations}
}

@inproceedings{Whitacre2010TheEnvironments,
    title = {{The role of degenerate robustness in the evolvability of multi-agent systems in dynamic environments}},
    year = {2010},
    booktitle = {Lecture Notes in Computer Science (including subseries Lecture Notes in Artificial Intelligence and Lecture Notes in Bioinformatics)},
    author = {Whitacre, James M. and Rohlfshagen, Philipp and Bender, Axel and Yao, Xin},
    isbn = {3642158439},
    doi = {10.1007/978-3-642-15844-5{\_}29},
    issn = {03029743}
}

@article{Wagner1996Perspective:Evolvability,
    title = {{Perspective: Complex Adaptations and the Evolution of Evolvability}},
    year = {1996},
    journal = {Source: Evolution INTERNATIONAL JOURNAL OF ORGANIC EVOLUTION PUBLISHED BY THE SOCIETY FOR THE STUDY OF EVOLUTION Evolution},
    author = {Wagner, Gunter P and Altenberg, Lee and Wagner1, Gunter P and Altenberg2, Lee},
    number = {503},
    pages = {967--976},
    volume = {50},
    url = {http://www.jstor.org/stable/2410639 http://about.jstor.org/terms}
}

@article{Hu2010EvolvabilityBiology,
    title = {{Evolvability and Speed of Evolutionary Algorithms in Light of Recent Developments in Biology}},
    year = {2010},
    journal = {Journal of Artificial Evolution and Applications},
    author = {Hu, Ting and Banzhaf, Wolfgang},
    doi = {10.1155/2010/568375},
    issn = {1687-6229}
}

@article{TheBiology,
    title = {{The Modern Synthesis is the current paradigm in evolutionary biology}}
}

@inproceedings{Whitacre2012EvolutionaryWorld,
    title = {{Evolutionary mechanics: New engineering principles for the emergence of flexibility in a dynamic and uncertain world}},
    year = {2012},
    booktitle = {Natural Computing},
    author = {Whitacre, James M. and Rohlfshagen, Philipp and Bender, Axel and Yao, Xin},
    isbn = {1567-7818},
    doi = {10.1007/s11047-011-9296-3},
    issn = {15677818},
    pmid = {22962549},
    arxivId = {1101.4103},
    keywords = {Complex systems engineering, Degeneracy, Dynamic capabilities, Dynamic optimization, Evolvability, Redundancy, Robustness, Strategic planning}
}

@article{2010ArtificialDevelopment,
    title = {{Artificial Evolutionary Development}},
    year = {2010}
}

@book{Griffiths2015IntroductionAnalysis,
    title = {{Introduction to genetic analysis}},
    year = {2015},
    author = {Griffiths, Anthony J. F. and Wessler, Susan R. and Carroll, Sean B. and Doebley, John F.},
    pages = {868},
    isbn = {9781464109485}
}

@article{Gatys2015AStyle,
    title = {{A Neural Algorithm of Artistic Style}},
    year = {2015},
    author = {Gatys, Leon A. and Ecker, Alexander S. and Bethge, Matthias},
    month = {8},
    url = {http://arxiv.org/abs/1508.06576},
    arxivId = {1508.06576}
}

@article{KrizhevskyImageNetNetworks,
    title = {{ImageNet Classification with Deep Convolutional Neural Networks}},
    author = {Krizhevsky, Alex and Sutskever, Ilya and Hinton, Geoffrey E}
}

@article{Silver2016MasteringSearch,
    title = {{Mastering the game of Go with deep neural networks and tree search}},
    year = {2016},
    journal = {Nature},
    author = {Silver, David and Huang, Aja and Maddison, Chris J. and Guez, Arthur and Sifre, Laurent and van den Driessche, George and Schrittwieser, Julian and Antonoglou, Ioannis and Panneershelvam, Veda and Lanctot, Marc and Dieleman, Sander and Grewe, Dominik and Nham, John and Kalchbrenner, Nal and Sutskever, Ilya and Lillicrap, Timothy and Leach, Madeleine and Kavukcuoglu, Koray and Graepel, Thore and Hassabis, Demis},
    number = {7587},
    month = {1},
    pages = {484--489},
    volume = {529},
    publisher = {Nature Research},
    url = {http://www.nature.com/doifinder/10.1038/nature16961},
    doi = {10.1038/nature16961},
    issn = {0028-0836}
}

@article{Persson2007WetTires,
    title = {{Wet adhesion with application to tree frog adhesive toe pads and tires}},
    year = {2007},
    journal = {Journal of Physics: Condensed Matter},
    author = {Persson, B N J},
    number = {37},
    month = {9},
    pages = {376110},
    volume = {19},
    publisher = {IOP Publishing},
    url = {http://stacks.iop.org/0953-8984/19/i=37/a=376110?key=crossref.1f394a4e859f6f29dbe02c09446221d6},
    doi = {10.1088/0953-8984/19/37/376110},
    issn = {0953-8984}
}

@article{Stenzel2011Drag-reducingShipping,
    title = {{Drag-reducing paints for the reduction of fuel consumption in aviation and shipping}},
    year = {2011},
    journal = {Progress in Organic Coatings},
    author = {Stenzel, Volkmar and Wilke, Yvonne and Hage, Wolfram},
    number = {4},
    pages = {224--229},
    volume = {70},
    doi = {10.1016/j.porgcoat.2010.09.026},
    issn = {03009440}
}

@article{Grimes2012THE,
    title = {{THE DESIGN OF ATRIAS 1.0 A UNIQUE MONOPOD, HOPPING ROBOT *}},
    year = {2012},
    author = {Grimes, Jesse A and Hurst, Jonathan W},
    keywords = {hopping, legged, monopod, robot, running, walking}
}

@inproceedings{Prothmann2009EvolutionaryOptimisation,
    title = {{Evolutionary algorithms for traffic signal optimisation}},
    year = {2009},
    booktitle = {Proceedings of mobil.TUM 2009 - International Scientific Conference on Mobility and Transport},
    author = {Prothmann, Holger and Schmeck, Hartmut and Schmeck, Hartmut},
    publisher = {TU M{\"{u}}nchen}
}

@book{Poli2008AProgramming,
    title = {{A field guide to genetic programming}},
    year = {2008},
    author = {Poli, R and Langdon, WB and McPhee, NF and Koza, JR},
    url = {https://books.google.com/books?hl=en{\&}lr={\&}id=3PBrqNK5fFQC{\&}oi=fnd{\&}pg=PR11{\&}dq=A+field+guide+to+genetic+programming{\&}ots=ftyzkakWsL{\&}sig=xFMLLhD8OxvkEn9K6HaGxRegcvA}
}

@article{BarrettASpecializations,
    title = {{A hierarchical model of the evolution of human brain specializations}},
    author = {Barrett, H Clark and Ayala, Francisco J},
    doi = {10.1073/pnas.1201898109}
}

@article{Downing2009ComputationalEffect,
    title = {{Computational Explorations of the Baldwin Effect}},
    year = {2009},
    author = {Downing, Keith}
}

@article{Downing2010TheNetworks,
    title = {{The Baldwin Effect in Developing Neural Networks}},
    year = {2010},
    journal = {GECCO Proceedings},
    author = {Downing, Keith L},
    keywords = {Categories and Subject Descriptors I26[Learning]}
}

@article{Downing2012HeterochronousBaldwinism,
    title = {{Heterochronous Neural Baldwinism}},
    year = {2012},
    journal = {Artificial Life},
    author = {Downing, Keith L},
    volume = {13}
}

@article{Downing2010DarwinInte,
    title = {{Darwin in the Machine: Evolving Neural Networks for Artificial Intelligence in the Machine: Evolving Neural Networks for Artificial Inte}},
    year = {2010},
    author = {Downing, Keith L and Downing Darwin, Keith L}
}

@article{Smith1985DevelopmentalBiology,
    title = {{Developmental Constraints and Evolution: A Perspective from the Mountain Lake Conference on Development and Evolution The Quarterly Review of Biology}},
    year = {1985},
    journal = {The Quarterly Review of Biology},
    author = {Smith, J Maynard and Burian, R and Kauffman, S and Alberch, P and Campbell, J and Goodwin, B and Lande, R and Raup, D and Wolpert, L},
    number = {3},
    pages = {265--287},
    volume = {60},
    url = {http://www.jstor.org/stable/2828504}
}

@article{Kashtan2005SpontaneousMotifs,
    title = {{Spontaneous evolution of modularity and network motifs}},
    year = {2005},
    journal = {PNAS},
    author = {Kashtan, Nadav and Alon, Uri},
    number = {39},
    pages = {13773–13778},
    volume = {102},
    doi = {10.1073/pnas.0503610102},
    pmid = {16174729}
}

@article{Mengistu2016EvolvabilityIt,
    title = {{Evolvability Search: Directly Selecting for Evolvability in order to Study and Produce It}},
    year = {2016},
    journal = {GECCO Proceedings},
    author = {Mengistu, Henok and Lehman, Joel and Clune, Jeff},
    keywords = {Divergent Search, Evolutionary Algorithms, Evolvability}
}

@article{Wilder2015ReconcilingEvolvability,
    title = {{Reconciling explanations for the evolution of evolvability}},
    year = {2015},
    journal = {Adaptive Behavior},
    author = {Wilder, Bryan and Stanley, Kenneth},
    number = {3},
    pages = {171--179},
    volume = {23},
    doi = {10.1177/1059712315584166},
    keywords = {Evolvability, evolutionary computation, gene regulatory networks}
}

@article{Pigliucci2008IsEvolvable,
    title = {{Is evolvability evolvable?}},
    year = {2008},
    journal = {Nature Reviews Genetics.},
    author = {Pigliucci, Massimo},
    number = {1},
    pages = {75--82},
    volume = {9},
    doi = {10.1038/nrg2278}
}

@article{AkosSeressAnTheory,
    title = {{An Introduction to Computational Group Theory}},
    author = {{Akos Seress}}
}

@article{Risi2012AGeometry,
    title = {{A Unified Approach to Evolving Plasticity and Neural Geometry}},
    year = {2012},
    author = {Risi, Sebastian and Stanley, Kenneth O},
    publisher = {IEEE}
}

@article{Tonelli2011OnSystems,
    title = {{On the Relationships between Synaptic Plasticity and Generative Systems. On the Relationships between Synaptic Plastic- ity and Generative Systems}},
    year = {2011},
    author = {Tonelli, Paul and Mouret, Jean-Baptiste},
    pages = {1531--1538},
    volume = {11},
    url = {https://hal.archives-ouvertes.fr/hal-00687621},
    doi = {10.1145/2001576.2001782>}
}

@article{Mouret2010ImportingGanglia,
    title = {{Importing the Computational Neuroscience Toolbox into Neuro-Evolution—Application to Basal Ganglia}},
    year = {2010},
    journal = {Proceedings of GECCO’10},
    author = {Mouret, Jean-Baptiste and Doncieux, Stéphane and Girard, Benoît},
    keywords = {basal ganglia, computational neu-roscience, neural networks, neuro-evolution}
}

@article{Tonelli2013OnNetworks,
    title = {{On the relationships between generative encodings, regularity, and learning abilities when evolving plastic artificial neural networks}},
    year = {2013},
    journal = {PLoS ONE},
    author = {Tonelli, Paul and Mouret, Jean Baptiste},
    isbn = {9780262326216},
    doi = {10.1371/journal.pone.0079138},
    issn = {19326203},
    pmid = {24236099}
}

@article{Moczek2011TheInnovation,
    title = {{The role of developmental plasticity in evolutionary innovation}},
    year = {2011},
    journal = {Proc. R. Soc. B},
    author = {Moczek, Armin P and Sultan, Sonia and Foster, Susan and Led{\'{o}} N-Rettig, Cris and Dworkin, Ian and Nijhout, H Fred and Abouheif, Ehab and Pfennig, David W},
    doi = {10.1098/rspb.2011.0971},
    keywords = {developmental plasticity, genetic accommodation, genetic assimilation, novelty}
}

@article{Moczek2011PhenotypicConcepts,
    title = {{Phenotypic plasticity in development and evolution: facts and concepts}},
    year = {2011},
    journal = {Philosophical Transactions of The Royal Society},
    author = {Moczek, Armin P. and Sultan, Sonia and Foster, Susan and Ledo´n-Rettig, Cris and Dworkin, Ian and Nijhout, H. Fred and Abouheif, Ehab and Pfennig, David W.},
    number = {1540},
    volume = {365},
    doi = {10.1098/rspb.2011.0971}
}

@article{Forsman2014RethinkingSpecies,
    title = {{Rethinking phenotypic plasticity and its consequences for individuals, populations and species}},
    year = {2014},
    author = {Forsman, A},
    volume = {115},
    doi = {10.1038/hdy.2014.92}
}

@inproceedings{Risi2010IndirectlyRules,
    title = {{Indirectly encoding neural plasticity as a pattern of local rules}},
    year = {2010},
    booktitle = {Lecture Notes in Computer Science (including subseries Lecture Notes in Artificial Intelligence and Lecture Notes in Bioinformatics)},
    author = {Risi, Sebastian and Stanley, Kenneth O.},
    isbn = {3642151922},
    doi = {10.1007/978-3-642-15193-4{\_}50},
    issn = {03029743},
    keywords = {Adaptation, HyperNEAT, Learning, Neuroevolution}
}

@article{Risi2010EvolvingSubstrate,
    title = {{Evolving the Placement and Density of Neurons in the HyperNEAT Substrate}},
    year = {2010},
    author = {Risi, Sebastian and Lehman, Joel and Stanley, Kenneth O},
    keywords = {HyperNEAT, NEAT, Neuroevolution}
}

@article{Risi2011EnhancingNetworks,
    title = {{Enhancing ES-HyperNEAT to Evolve More Complex Regular Neural Networks}},
    year = {2011},
    author = {Risi, Sebastian and Stanley, Kenneth O},
    publisher = {ACM},
    keywords = {Categories and, Descriptors, Subject}
}

@misc{Ha2015Neurogram,
    title = {{Neurogram}},
    year = {2015},
    author = {Ha, David},
    url = {http://blog.otoro.net/2015/07/31/neurogram/}
}

@article{Chen2014AugmentingInference,
    title = {{Augmenting Microarray Data with Literature-Based Knowledge to Enhance Gene Regulatory Network Inference}},
    year = {2014},
    journal = {PLoS Computational Biology},
    author = {Chen, Guocai and Cairelli, Michael J. and Kilicoglu, Halil and Shin, Dongwook and Rindflesch, Thomas C.},
    doi = {10.1371/journal.pcbi.1003666},
    issn = {15537358},
    pmid = {24921649}
}

@misc{Mordvintsev2015Inceptionism:Networks,
    title = {{Inceptionism: Going Deeper into Neural Networks}},
    year = {2015},
    booktitle = {Google Research Blog},
    author = {Mordvintsev, Alexander and Olah, Christopher and Tyka, Mike},
    url = {https://research.googleblog.com/2015/06/inceptionism-going-deeper-into-neural.html}
}

@misc{Mordvintsev2015DeepDreamNetworks,
    title = {{DeepDream - a code example for visualizing Neural Networks}},
    year = {2015},
    booktitle = {Google Research Blog},
    author = {Mordvintsev, Alexander and Olah, Christopher and Tyka, Mike},
    url = {https://research.googleblog.com/2015/07/deepdream-code-example-for-visualizing.html}
}

@article{Cheney2013UnshacklingEncoding,
    title = {{Unshackling Evolution: Evolving Soft Robots with Multiple Materials and a Powerful Generative Encoding}},
    year = {2013},
    author = {Cheney, Nick and Maccurdy, Robert and Clune, Jeff and Lipson, Hod},
    keywords = {Algorithms, CPPN-NEAT, Categories and Subject Descriptors, Design, Evolving Morphologies, Experimentation Keywords, Generative Encodings, Genetic Algorithms, HyperNEAT, I211 [Distributed Artificial Intelligence], Intelligent Agents General Terms, Soft-Robotics}
}

@article{Stanley2009ANetworks,
    title = {{A Hypercube-Based Indirect Encoding for Evolving Large-Scale Neural Networks}},
    year = {2009},
    journal = {Artificial Life journal},
    author = {Stanley, Kenneth O and D 'ambrosio, David and Gauci, Jason},
    number = {2},
    volume = {15},
    publisher = {MIT Press},
    keywords = {CPPNs, Compositional Pattern Producing Networks, HyperNEAT, generative and developmental systems, indirect encoding, large-scale artificial neural networks}
}

@misc{ImageRecognition,
    title = {{Image Recognition}},
    booktitle = {TensorFlow},
    url = {https://www.tensorflow.org/versions/r0.11/tutorials/image{\_}recognition/index.html}
}

@misc{Wolfram2015WolframProject,
    title = {{Wolfram Language Artificial Intelligence: The Image Identification Project}},
    year = {2015},
    booktitle = {Stephen Wolfram Blog},
    author = {Wolfram, Stephen},
    url = {http://blog.stephenwolfram.com/2015/05/wolfram-language-artificial-intelligence-the-image-identification-project/}
}

@article{Silver2016MasteringSearchb,
    title = {{Mastering the game of Go with deep neural networks and tree search}},
    year = {2016},
    journal = {Nature},
    author = {Silver, David and Huang, Aja and Maddison, Chris J. and Guez, Arthur and Sifre, Laurent and van den Driessche, George and Schrittwieser, Julian and Antonoglou, Ioannis and Panneershelvam, Veda and Lanctot, Marc and Dieleman, Sander and Grewe, Dominik and Nham, John and Kalchbrenner, Nal and Sutskever, Ilya and Lillicrap, Timothy and Leach, Madeleine and Kavukcuoglu, Koray and Graepel, Thore and Hassabis, Demis},
    number = {7587},
    month = {1},
    pages = {484--489},
    volume = {529},
    publisher = {Nature Research},
    url = {http://www.nature.com/doifinder/10.1038/nature16961},
    doi = {10.1038/nature16961},
    issn = {0028-0836}
}

@article{GuRecentNetworks,
    title = {{Recent Advances in Convolutional Neural Networks}},
    author = {Gu, Jiuxiang and Wang, Zhenhua and Kuen, Jason and Ma, Lianyang and Shahroudy, Amir and Shuai, Bing and Liu, Ting and Wang, Xingxing and Wang, Gang},
    keywords = {Deep learning, Index Terms—Convolutional Neural Network}
}

@misc{Gu2003EvolutionMutations,
    title = {{Evolution of duplicate genes versus genetic robustness against null mutations}},
    year = {2003},
    booktitle = {Trends in Genetics},
    author = {Gu, Xun},
    isbn = {0028-0836},
    doi = {10.1016/S0168-9525(03)00139-2},
    issn = {01689525},
    pmid = {12511954}
}

@misc{Wikipediacontributors2016BrownRat,
    title = {{Brown rat}},
    year = {2016},
    booktitle = {Wikipedia, The Free Encyclopedia},
    author = {{Wikipedia contributors}},
    url = {https://en.wikipedia.org/wiki/Brown{\_}rat}
}

@article{Tuinstra1990LackDevelopment,
    title = {{Lack of response to family selection for direction asymmetry in Drosophila melanogaster: left and right are not distinguished during development}},
    year = {1990},
    journal = {Proc. R. Soc. Lond. B},
    author = {Tuinstra, E.J. and De Jong, G and Scharloo, W},
    number = {1301},
    pages = {146--152},
    volume = {241}
}

@article{Coyne1987LackMelanogaster,
    title = {{Lack of response to selection for direction asymmetry in Drosophilia melanogaster}},
    year = {1987},
    journal = {Journal of Heredity},
    author = {Coyne, J. A.},
    number = {119},
    volume = {78}
}

@article{Purnell1973SelectionMelanogaster,
    title = {{Selection for asymmetrical bias in a behavioral character of Drosophila melanogaster}},
    year = {1973},
    journal = {Heredity},
    author = {Purnell, D. J. and Thompson, J. N. J.},
    pages = {401--405},
    volume = {31}
}

@article{ManyardSmith1960ThePattern,
    title = {{The genetics of a pattern}},
    year = {1960},
    journal = {Genetics},
    author = {Manyard Smith, J. and Sondhi, K. C.},
    pages = {1039--1050},
    volume = {45}
}

@article{1Anti-racism-1,
    title = {{1 Pollock, Defining Everyday Anti-racism-1}}
}

@article{Ata2015ArtificialReview,
    title = {{Artificial neural networks applications in wind energy systems: a review}},
    year = {2015},
    journal = {Renewable and Sustainable Energy Reviews},
    author = {Ata, Rasit},
    pages = {534--562},
    volume = {49},
    doi = {10.1016/j.rser.2015.04.166}
}

@article{Fehervari2010EvolvingRobots,
    title = {{Evolving Neural Network Controllers for a Team of Self-Organizing Robots}},
    year = {2010},
    journal = {Journal of Robotics},
    author = {Feh{\'{e}}rv{\'{a}}ri, István and Elmenreich, Wilfried},
    volume = {10},
    publisher = {Hindawi Publishing Corporation},
    doi = {10.1155/2010/841286}
}

@article{Sher2011EvolvingAgents,
    title = {{Evolving Chart Pattern Sensitive Neural Network Based Forex Trading Agents}},
    year = {2011},
    author = {Sher, Gene I.},
    month = {11},
    url = {http://arxiv.org/abs/1111.5892},
    arxivId = {1111.5892}
}